2117 2995
304 146 545 202 LIBER
590 145 984 203 TERTIVS.
1035 148 1214 207 CAP.
1252 152 1328 206 ΙΙ.
1594 172 1685 224 339

4 270 5 274 =
55 238 199 289 riain
222 236 477 307 pallorem
500 241 749 298 vertitur,
790 244 845 290 δε
864 235 891 288 a
917 252 1002 288 me
1016 236 1167 288 nihili
1191 237 1488 292 aestimatur.
1518 234 1682 291 Vnde

0 313 4 377 ξ
55 309 207 361 ‘ficuti
228 310 462 361 lonathae
480 309 709 382 gustanti
725 310 905 361 fauum
922 310 1090 360 mellis
1111 312 1282 370 oculi,
1297 328 1400 381 prae
1416 308 1559 362 fame
1589 329 1680 364 ca-

0 378 3 424 5
50 382 275 453 ligantes
294 420 310 442 ‚
337 383 633 454 apertisunt
656 419 669 444 ,
697 399 757 435 vt
770 381 909 436 clare
934 386 1114 444 omnia
1135 400 1251 454 quae
1266 389 1405 436 circa
1426 383 1476 436 se
1508 399 1677 445 erant,

0 452 1 462 ’
51 471 321 515 cerneret,
363 456 429 507 ad
447 475 565 528 quae
579 455 839 508 intuenda
850 456 1132 508 oculorum
1153 454 1290 508 acies
1303 474 1412 509 non
1428 472 1676 527 penetra-

51 525 158 579 bat.
179 528 254 580 lta
267 529 355 581 vbi
370 533 454 582 Av
467 544 750 581 cvsvas
769 527 980 580 caelestis
996 533 1173 598 gratiae
1186 528 1496 581 ambrofiam
1514 530 1673 600 pleno

46 607 241 654 mentis
255 620 348 654 ore
361 602 593 674 gustauit
608 641 622 661 ,
650 601 1029 653 animaduertit
1050 601 1124 651 nil
1137 600 1235 654 effe
1247 600 1527 655 omniailla
1538 619 1675 655 vana.

48 673 254 726 &fluxa
270 694 410 747 ,quae
428 676 565 746 prius
590 691 765 727 totum
778 674 932 725 'il-lum
949 673 1303 727 detinuerant.
1320 677 1465 727 Hinc
1482 690 1675 727 contra

47 748 310 799 mundum
325 786 337 806 ,
360 766 466 799 non
487 747 627 798 {ecus
641 763 802 817 atque
822 745 1069 798 Ionathas
1085 762 1272 799 contra
1287 748 1515 808 Saulem,
1532 746 1674 799 indi-

46 837 212 891 gnans
231 820 378 889 quod
401 821 448 870 se
468 835 621 870 tanto
640 817 899 870 beneficio
920 835 1030 870 tam
1048 819 1138 870 diu
1150 817 1427 890 priuaffet,
1468 819 1670 872 aiebat:

51 897 96 944 T
97 891 284 944 urbauit
288 907 425 966 pater
439 909 566 943 meus
577 906 754 942 terram
772 929 788 950 ,
827 889 1016 959 vidistza
1035 892 1123 963 ipsi
1136 928 1150 949 ,
1174 895 1284 962 quia
1293 895 1556 945 illuminati
1551 895 1675 961 stmt
1695 883 1906 941 idaeg-142

46 966 165 1017 oculi
181 968 301 1024 mei,
315 963 788 1038 eb-qubdgustauerim
798 963 1037 1037 paululum
1055 963 1113 1015 de
1129 964 1264 1016 melle
1275 969 1379 1016 ifle.
1401 965 1671 1035 optabilis

50 1041 275 1097 caecitaS,
293 1054 350 1089 vt
376 1043 577 1090 Avcvs
592 1053 745 1088 T1Nv
758 1053 778 1087 s
799 1035 928 1086 nihil
950 1035 1219 1108 deincep5,
1232 1036 1325 1087 nifi
1337 1038 1601 1108 spirituale
1616 1043 1675 1090 δε

46 1126 572 1163 aeternumcerneret.
620 1110 815 1159 Rurius
837 1144 853 1168 ,
897 1107 1030 1160 ficut
1050 1109 1315 1181 Propheta
1342 1111 1538 1162 Daniel
1567 1111 1671 1162 viso

49 1183 260 1254 Angelo
285 1220 300 1242 ,
344 1181 538 1253 quisibi
556 1180 731 1234 futura
747 1184 1051 1232 nuntiatum
1068 1198 1314 1242 venerat,
1331 1183 1487 1236 dixit:
1504 1193 1571 1236 Et
1591 1203 1673 1256 ego
1700 1195 1852 1236 Dans.

49 1256 230 1308 Daniel
245 1256 429 1330 langui,
462 1254 749 1329 &agnetam
768 1270 854 1327 per
865 1253 987 1311 dies:
1010 1252 1204 1326 cquue
1214 1253 1519 1326 fhrrexffm
1541 1293 1555 1316 ,
1591 1258 1673 1327 fa·

42 1327 219 1381 ciebam
243 1345 376 1402 opera
405 1336 538 1402 Regia·
558 1365 575 1388 ,
618 1325 934 1401 &stupebam
953 1326 1018 1378 ad
1042 1329 1268 1398 visionem
1297 1348 1309 1382 3
1352 1327 1589 1381 fimiliter
1602 1329 1669 1381 de

44 1405 214 1453 Avcv
227 1417 247 1452 s
261 1418 295 1451 ’r
306 1419 320 1451 1
333 1418 367 1452 N
380 1418 422 1452 ο
438 1402 598 1453 liceat
611 1401 808 1460 dicere,
822 1403 910 1471 qui
926 1399 1268 1471 posteaquam
1281 1400 1414 1453 vidit
1429 1406 1479 1454 ὃ(
1497 1400 1668 1473 gusta-

46 1478 152 1533 uit,
170 1477 332 1544 coepit
348 1489 599 1546 aegrotare
612 1471 844 1536 mundo,
864 1470 1102 1542 illiusque
1124 1472 1409 1525 blanditias
1431 1480 1484 1527 δε
1514 1475 1669 1526 volu-

43 1562 217 1619 ptates
234 1562 351 1598 toto
371 1547 534 1599 corde
547 1547 830 1618 aspernari,
863 1563 963 1597 nec
985 1545 1135 1597 illum
1150 1545 1423 1618 quidpiam
1445 1545 1670 1599 reficere

45 1633 276 1690 poterat,
297 1624 422 1689 quin
440 1620 504 1671 ad
518 1622 727 1690 potiora
744 1613 1044 1689 assurgeret,
1061 1635 1224 1689 atque
1240 1618 1470 1671 studiose
1484 1621 1671 1671 summi

46 1693 212 1762 Regis
244 1696 461 1762 negotia
485 1707 667 1763 ageret
689 1730 706 1752 ,
748 1709 934 1743 omnes
960 1692 1191 1762 denique
1212 1696 1398 1744 animae
1419 1691 1675 1764 corporis-

46 1764 155 1835 que
170 1759 446 1816 facultates
459 1769 510 1815 in
521 1767 657 1816 illius
675 1780 912 1816 amorem
925 1770 980 1817 ὃζ
992 1764 1304 1835 obsequium.
1317 1766 1672 1837 impenderet,

43 1837 314 1888 Intellexit
331 1852 445 1888 turn
461 1838 542 1888 vel
557 1835 781 1888 maxime
803 1874 817 1895 ,
831 1838 1008 1888 Deum
1021 1835 1271 1890 reueraid
1283 1836 1381 1889 effe
1396 1836 1544 1908 quod
1561 1837 1677 1890 He-

49 1908 224 1961 braic&
242 1908 390 1960 audit
403 1947 418 1969 ,
437 1909 635 1967 Saddai,
657 1910 784 1961 Solus
782 1909 974 1977 fhfficit.
1006 1909 1350 1981 Qapropter
1363 1916 1417 1962 δε
1434 1911 1676 1981 sequenti

49 1981 380 2035 Emblemate
394 1985 482 2033 Av
495 2000 525 2033 o
536 1998 571 2033 v
585 1999 605 2032 s
619 2000 719 2033 Tm
730 1999 765 2035 v
777 1998 821 2032 M
837 1981 1004 2053 specie
1020 1981 1247 2033 hominis
1266 1981 1397 2034 febri
1411 1983 1673 2035 aestuantis

49 2060 104 2106 δε
119 2054 254 2105 lecto
269 2052 403 2105 affixi
418 2054 722 2106 exhibemus
736 2093 748 2113 ‚
764 2060 852 2124 qui
870 2062 1072 2106 tantam
1089 2054 1350 2116 ciborum,
1368 2054 1560 2126 quibus
1578 2073 1673 2107 an-

49 2143 136 2178 tea
148 2144 270 2181 cum
283 2126 637 2179 delestatione
654 2126 1010 2186 reficiebatur,
1027 2125 1274 2179 nauseam
1299 2132 1536 2200 concipit
1568 2165 1581 2189 ,
1612 2143 1672 2181 vt

49 2216 118 2251 ne
133 2200 299 2250 oculis
313 2201 527 2270 quidem
544 2205 786 2253 contueri
809 2201 924 2252 illos
937 2199 1202 2254 sustineat.
1220 2201 1363 2266 Quia
1378 2238 1390 2259 ‚
1414 2216 1470 2252 vt
1484 2200 1670 2254 Maca·
1696 2213 1863 2264 H0m292'

49 2275 152 2325 rius
175 2269 341 2324 senior
372 2272 654 2344 AEgyptius
678 2272 880 2333 scribit,
916 2279 1085 2324 Amor
1115 2272 1218 2326 fiue
1239 2278 1408 2345 gratia
1433 2274 1539 2326 Dei
1559 2293 1674 2327 rna-

51 2362 210 2417 gnam
224 2362 344 2397 curn
359 2340 492 2398 febri
505 2346 899 2399 similitudinem
910 2344 1090 2398 habet:
1108 2345 1567 2417 quemadmodum
1580 2349 1671 2401 illa

30 2418 320 2493 ciborum,
351 2423 425 2470 ita
437 2419 544 2472 haec
557 2421 801 2472 nauseam
822 2435 1146 2470 terrenarum
1169 2421 1673 2492 voluptatumindu-

53 2494 157 2551 cit,
181 2489 551 2562 diuinioreque
576 2489 790 2545 flamma
804 2496 1036 2545 animam
1053 2492 1348 2553 succendit,
1375 2510 1431 2544 vt
1443 2493 1572 2543 nihil
1598 2493 1672 2544 illi

53 2564 274 2635 amplius
287 2601 303 2624 ‚
314 2566 457 2634 quod
471 2570 613 2617 carni
628 2566 913 2627 blanditur,
924 2564 1238 2628 libeat3nihil
1252 2566 1396 2636 quod
1409 2566 1674 2617 carnalem

54 2642 219 2691 vitam
231 2636 483 2699 trucidat,
496 2638 697 2709 spiritus
709 2637 1088 2709 perhorrescat.
1102 2639 1584 2692 Amorimmundus
1595 2643 1672 2693 in·
1701 2650 1903 2708 Augustam

891 2715 898 2717 ξ
991 2713 1038 2766 V
1055 2729 1091 2765 v
1129 2728 1159 2761 2.
1525 2711 1671 2769 flam-
