2117 2995
356 194 360 198 ,
427 133 676 191 Lmta
726 125 1066 191 PRIMVS.
1113 135 1292 191 cap,
1359 135 1491 193 vn.
1728 141 1794 209 89

165 247 242 289 tus
253 229 513 307 estspiritus
524 234 621 282 eius
647 268 661 293 ,
689 230 804 304 post
817 229 977 283 visum
1005 230 1282 295 somnium.
1320 229 1457 284 adeo
1469 235 1632 286 etiam
1645 230 1795 289 leues

163 306 481 367 coniecturae
493 309 546 356 &
562 303 875 376 suspiciones
896 320 1106 357 ‘motum
1119 302 1616 377 solicitudinemque
1628 310 1681 358 in
1695 325 1789 360 au-

155 380 422 437 lacreant.
437 376 506 430 Et
517 381 664 447 cuius
677 378 777 430 hac
788 381 841 430 in
855 393 909 430 re
922 377 1144 431 validius
1158 375 1524 432 testimonium
1546 377 1786 435 adduxe-

158 470 237 515 ro,
256 452 567 523 quamillius
580 455 672 522 qui
688 454 850 503 etiam
865 449 1095 507 Gaesates
1107 451 1291 506 docuit
1306 459 1323 500 ἓ

229 532 390 578 Aurea
399 538 624 599 rumpunt
638 526 768 576 teffa
779 526 1003 596 quietem,
1346 553 1349 556 -
1804 533 1976 583 Seuer-in

227 594 448 674 Vigil‘fff}
459 596 617 650 trahit
620 614 823 672 purpura
832 597 1003 649 nostes.
1802 590 1996 682 agga-1&

231 674 289 723 o!
295 672 345 745 si
340 685 539 746 pateant
543 673 730 744 peeJom
742 667 915 727 ditum,
1582 734 1597 746 ,
1800 658 1973 739 oetaeo.e

225 747 448 814 Qantos
456 741 811 813 intusficblimtk
819 763 844 795 a
841 746 921 816 git

224 826 432 870 Fortuna
442 833 596 868 metus
603 819 629 866 -!

147 886 297 942 Hinc
315 890 388 940 ini
407 893 497 958 qui
510 893 629 939 vitae
652 890 1015 959 integritatem
1030 921 1046 945 ,
1072 889 1126 938 ’δε
1147 885 1298 940 bonae
1314 888 1646 943 conscientiae
1663 905 1775 945 non

147 966 363 1014 minoris
380 960 540 1031 quam
562 960 873 1013 eruditionis
886 956 1246 1011 testimonium
1261 960 1639 1024 existimarunt,
1656 979 1773 1017 mo-

146 1050 228 1086 tus
242 1051 547 1103 tempotum
565 1051 627 1085 ac
640 1052 731 1102 pro
741 1033 895 1085 celias
907 1049 1015 1083 non
1030 1031 1370 1104 indiligenter
1400 1039 1659 1089 vitarunt:
1677 1052 1769 1089 ne-

144 1124 250 1178 que
277 1108 429 1159 aliter
450 1105 658 1178 quamsi
680 1105 938 1177 lapidibus
964 1110 1016 1155 in
1034 1110 1202 1163 curia,
1242 1106 1513 1177 republica
1548 1127 1611 1162 ac
1643 1105 1766 1163 foro

138 1181 292 1251 pluat
304 1217 317 1235 ,
346 1179 506 1232 domo
523 1183 570 1231 {e
586 1179 920 1230 incluserunt.
949 1177 1078 1230 Bion
1093 1183 1446 1250 interrogatus
1461 1187 1575 1270 <3¹¹⁵
1588 1184 1644 1234 in
1655 1187 1760 1236 vita

137 1251 364 1303 maxime
396 1252 664 1304 videretur
685 1257 864 1303 anxius
878 1256 902 1304 ?
920 1252 1072 1302 illum
1096 1250 1341 1310 arbitror,
1359 1253 1652 1323 respondit,
1669 1261 1759 1327 qui

136 1328 192 1374 in
217 1328 457 1376 maximis
474 1325 632 1378 rebus
657 1330 803 1396 cupit
819 1323 918 1376 esse
933 1317 1261 1376 fortunatus:
1281 1326 1427 1376 mille
1448 1332 1582 1379 curis
1608 1334 1757 1401 angi-

135 1412 221 1447 tur
241 1434 254 1456 ,
268 1415 328 1450 vt
342 1393 638 1468 assequatur
654 1398 799 1467 quod
818 1413 971 1467 optat
988 1422 1017 1455 ,Δ
1038 1395 1295 1449 assecutus
1318 1411 1598 1468 torquetur
1621 1417 1688 1452 ne
1701 1420 1756 1453 a-

133 1486 330 1522 mittat.
372 1468 578 1521 Omnes
597 1470 795 1522 habere
824 1468 1130 1541 satagimus,
1163 1486 1268 1519 non
1291 1470 1468 1542 adepti
1499 1472 1760 1537 dolemus,

136 1541 316 1614 adepti
334 1546 579 1594 timemus
604 1561 617 1592 ε
642 1557 866 1594 mouent
880 1559 1058 1612 erepta
1072 1579 1087 1604 ,
1114 1542 1380 1594 soiicirant
1398 1548 1592 1615 eripien
1602 1545 1684 1598 da.

207 1617 405 1666 Annon
431 1616 629 1666 aulicus
664 1612 814 1665 fimili
854 1619 1121 1667 anxietate
1147 1629 1454 1685 torquetur,
1500 1634 1568 1668 ne
1587 1616 1760 1689 gratifi

125 1690 376 1758 principis
395 1687 625 1746 excidat,
635 1684 741 1759 qua⁴
760 1687 1047 1739 Democles
1066 1687 1265 1741 Siculus
1284 1687 1520 1761 Dionysi]
1543 1694 1754 1759 tyranni

125 1755 439 1820 aisentator,
477 1760 661 1810 mensae
706 1760 922 1829 quidem
951 1758 1341 1814 instruEtiffimae
1369 1762 1754 1824 accumbebat,

126 1829 250 1883 cum
270 1831 299 1882 ὲ
324 1831 657 1903 laquearibus
678 1828 786 1884 seta
822 1830 1018 1903 equina
1051 1833 1308 1905 suspensus
1330 1851 1517 1887 mucro
1561 1841 1749 1889 vertici

121 1906 492 1974 impenderet?
524 1922 626 1957 nec
657 1908 826 1956 minus
850 1910 1127 1959 anxietatis
1146 1944 1163 1967 ,
1189 1906 1424 1959 minusue
1455 1907 1748 1977 periculum

120 1975 314 2029 subesse
333 1978 576 2031 dubitem
589 1977 890 2030 affeuerare.
932 1979 1088 2034 Vnde
1106 2016 1120 2039 ‚
1140 1979 1313 2033 vthoc
1334 1999 1425 2051 per
1438 1980 1746 2052 digreffiun-

122 2050 296 2101 culam
327 2048 533 2110 dicam,
563 2068 652 2104 eos
666 2055 875 2121 optimo
900 2051 1009 2103 vsos
1033 2051 1254 2105 confiiio
1276 2054 1532 2113 arbitror,
1580 2071 1742 2125 atque

119 2125 413 2180 etiamnum
430 2121 529 2176 esse
541 2128 631 2196 qui
646 2139 869 2176 Vtamur
886 2161 900 2182 ,
927 2142 1190 2177 memores
1208 2164 1222 2184 ,
1241 2130 1538 2196 potentiam
1555 2130 1607 2177 in
1622 2128 1742 2179 aula

119 2195 238 2245 rato
265 2197 632 2249 consenescere
654 2219 670 2249 r
693 2204 747 2249 δε
768 2215 880 2248 non
906 2194 1077 2248 minus
1095 2198 1241 2250 certo
1264 2203 1542 2251 interitum
1561 2204 1740 2271 gratiae

118 2266 801 2342 expe&andumesse,quam
816 2269 1412 2342 vitae5ideo'quesacrum
1437 2271 1739 2325 Cardinali-
1767 2285 2012 2340 stradalib.3.

122 2341 255 2390 tium
274 2340 518 2396 ordinem
541 2343 787 2396 lubenter
806 2342 1067 2414 adoptant
1079 2361 1185 2396 non
1202 2344 1459 2397 ambitiosi
1474 2383 1488 2406 ,
1516 2347 1601 2397 {ed
1615 2365 1733 2418 pro-
1763 2340 1967 2398 Bell.Belg.

117 2409 229 2461 uidi
256 2431 269 2460 :
301 2430 494 2487 nempe
517 2432 573 2468 vt
598 2416 822 2468 liberum
843 2415 1076 2468 habeant
1099 2419 1153 2467 in
1167 2418 1416 2489 supremis
1437 2417 1735 2474 cafibusgad

118 2484 374 2552 templum
395 2487 647 2559 aramque
659 2485 974 2560 perfugium.
1005 2493 1260 2542 Attamen
1272 2491 1404 2563 quid
1421 2493 1734 2562 plerumque

117 2556 631 2616 auincus,”vlt‘erioris
649 2567 752 2614 iam
780 2579 939 2614 morae
962 2566 1243 2633 impatiens
1275 2601 1287 2624 ,
1315 2564 1560 2633 faturque
1584 2578 1732 2623 vitae,

118 2625 339 2683 domum
362 2629 556 2696 defert,
566 2633 679 2695 nifi,
698 2652 755 2688 vt
774 2634 991 2706 quidam
1015 2635 1218 2698 aiebat,
1242 2637 1352 2690 sero
1362 2637 1556 2709 sapere,
1573 2652 1735 2707 atque

1042 2708 1108 2761 M
1571 2713 1743 2781 poeni-
