2117 2995
716 106 884 175 AD
925 104 1630 182 LECTOREM.

352 230 649 302 scendere
673 287 691 316 ,
736 230 912 302 laudi
940 256 1161 308 tamen
1189 221 1385 305 ducas
1413 238 1482 306 in
1506 238 1729 307 medio
1751 239 1970 311 consi-

351 337 527 406 stere.
553 336 831 405 lecimus
853 362 925 404 ea
947 336 1440 433 propteraleam
1471 369 1484 410 ε
1518 347 1591 411 ὃ(
1616 337 1796 438 quod
1823 369 1965 413 ma-

353 443 469 537 gni
492 438 743 534 aliquot
789 439 911 508 viri
938 493 956 522 ,
1002 441 1072 507 in
1100 439 1359 509 Dauide
1385 496 1403 525 ,
1449 440 1650 516 Paulo
1678 450 1708 526 ,⁷
1751 448 1968 514 Maria

354 544 786 639 AEgyptiaca,
815 539 918 637 ali]
929 540 1082 640 sque
1106 540 1360 613 summa
1383 569 1538 613 cum
1565 548 1857 616 nominis
1878 547 1971 617 sui

351 642 739 730 celebritate,
760 672 881 715 nec
906 672 1162 715 minore
1186 644 1549 745 legentium
1570 647 1783 718 fructu
1806 676 1968 747 prae-

356 748 670 834 stiterunt,
675 747 778 817 id
761 775 831 818 1n
853 746 1236 820 delineanda
1248 751 1540 821 conuerfi
1561 757 1719 824 Avo
1731 780 1806 825 vs
1818 780 1968 824 T1N1

356 853 687 950 imagine,
714 857 938 923 conati
962 852 1197 924 surnUS.
1254 862 1426 951 Qo
1451 855 1723 952 quidem
1764 854 1969 925 veluti

355 954 523 1025 nihil
545 959 758 1027 extitit
799 955 1130 1028 sanetitate
1155 966 1229 1030 ὅτ,
1245 958 1607 1029 eruditione
1627 956 1924 1029 illustrius
1948 996 1970 1051 3

355 1061 446 1131 ita
466 1059 692 1159 plenos
715 1061 950 1160 perditi
973 1061 1391 1132 adolescentis
1405 1089 1709 1132 numeros
1731 1060 1966 1160 imple-

355 1166 488 1234 uit:
535 1169 951 1263 permittente
977 1165 1422 1238 fortaffisideo
1439 1171 1596 1237 Deo
1620 1223 1638 1252 ,
1688 1188 1763 1240 vt
1783 1187 1971 1235 tanto

355 1267 721 1339 euidentius
764 1274 889 1340 toti
934 1272 1191 1341 mundo
1233 1268 1660 1342 innotesceret
1699 1325 1718 1355 ,
1765 1266 1972 1368 quam

353 1369 544 1442 miser
567 1381 641 1446 ὃζ
665 1373 1051 1472 periculosus
1098 1374 1174 1444 fit
1200 1375 1493 1445 hominis
1521 1373 1824 1474 flagitiofi
1845 1373 1969 1443 sta-

356 1496 455 1545 tus
476 1480 900 1577 ,quantaque
922 1475 1309 1549 difficultate
1339 1487 1414 1551 &C
1440 1477 1657 1548 labore
1677 1476 1973 1548 eluo'can-
2030 1527 2033 1529 >

359 1577 524 1646 dum
544 1576 620 1645 fit
642 1602 721 1679 ex
760 1580 892 1646 hoc
945 1581 1300 1675 profundo.
1372 1580 1734 1675 Qidquid
1781 1582 1975 1676 igitur

328 1764 330 1767 .
362 1677 520 1748 solet
537 1653 688 1750 effe
682 1679 937 1766 fraudi,
988 1688 1062 1751 &C
1086 1680 1379 1779 quibus&
1337 1680 1677 1766 <Ji-adibus,
1725 1703 1798 1753 vt
1826 1686 1972 1757 Av-

364 1810 707 1856 GVSTINVS
736 1788 1153 1884 ait,peccator
1172 1782 1501 1855 descendit
1519 1784 1640 1853 ad
1624 1811 1760 1853 ima
1778 1783 1975 1855 infer-

356 1888 427 1955 ni
451 1943 471 1971 ,
490 1887 656 1957 libro
680 1893 896 2005 primo
921 1887 1338 1987 expedimus:
1379 1886 1615 1957 deinde
1640 1887 1977 1958 conditio-

363 2016 521 2060 nem
590 1996 1010 2091 peccantium
1068 2019 1225 2063 cum
1292 1993 1456 2061 statu
1503 1992 1975 2062 damnatorum

368 2094 791 2183 conferimus,
817 2106 892 2169 δε
919 2097 1320 2166 ostendimus
1347 2095 1519 2165 mala
1541 2123 1683 2195 quae
1708 2118 1977 2194 peccata

365 2199 676 2299 consequi
696 2200 954 2285 solent,
995 2199 1193 2299 petita
1218 2200 1456 2327 Vbique
1506 2196 1976 2270 tantummodo

366 2328 447 2372 ex
473 2304 610 2404 ipso
632 2311 877 2379 Avovs
889 2331 1065 2376 T1No
1092 2303 1390 2389 materia,
1418 2327 1491 2376 vt
1513 2305 1745 2402 quibus
1767 2303 1979 2376 visum

366 2405 492 2476 fuit
514 2392 741 2479 frustra
763 2408 1024 2479 aliunde
1047 2407 1292 2507 aliquid
1320 2411 1621 2493 mutuari,
1643 2406 1802 2478 cum
1822 2408 1979 2476 huic

370 2513 511 2585 viro
535 2512 709 2585 nihil'
750 2513 1022 2584 defuerit
1045 2536 1154 2584 aut
1204 2515 1608 2612 experientiae
1652 2511 1734 2583 ad
1755 2537 1978 2582 exem-

1774 2614 1981 2715 plum,
