2117 2995
721 123 880 190 AD
941 123 1661 200 LECTOREM.

377 235 529 308 vero
554 293 572 321 ,
595 247 669 310 δε
696 243 775 311 ad
799 244 1180 345 sanguinem
1202 246 1398 346 Vsque
1423 304 1442 334 ,
1467 248 1762 345 humana
1786 250 1997 322 imbe-

381 339 634 412 cillitas.
962 379 967 381 >
1286 381 1289 383 ·
1429 416 1432 417 γ
1474 388 1519 417 a.
1563 416 1566 418 .
1594 416 1625 421 ,
1741 414 1745 418 .
1838 362 1842 367 ’

474 446 675 513 Libro
702 452 888 517 tertio
914 448 1199 549 digitum
1220 451 1696 523 tantummodo
1720 455 1991 555 intingi-

368 571 513 613 mus
538 549 607 616 in
633 547 741 618 illa
759 550 936 620 bona
963 610 981 638 ,
1007 558 1150 652 quae
1175 583 1254 626 ex
1279 559 1509 627 animo
1525 559 1994 655 poenitentem,

371 655 447 719 &
473 646 631 720 serio
658 654 1044 727 conuersum
1064 663 1418 758 excipiunt.
1443 659 1880 732 Relietaesunt
1902 663 1995 734 ibi

371 750 453 820 de
475 755 784 827 industria
806 816 823 844 ‚
873 788 1012 831 non
1055 764 1321 835 tantum
1372 766 1573 836 aristae
1619 763 1873 863 aliquot
1910 767 1996 836 ad

367 854 771 958 spicilegium
812 904 832 957 ⁰>
881 864 987 935 sed
1010 866 1332 967 manipuli
1375 879 1450 942 ὃζ
1493 867 1688 938 fasces
1712 868 1796 938 ad
1821 869 1988 940 mes-

364 957 518 1032 sem.
549 964 776 1036 Tollat
799 1025 817 1053 ,
838 972 953 1067 qui
974 970 1269 1042 voluerit.
1295 975 1480 1045 Mihi
1503 969 1762 1058 sufficit,
1786 971 1832 1042 fi
1853 973 1988 1044 hoc

360 1062 724 1164 scriptionis
748 1072 976 1144 ordine
1021 1084 1096 1148 ὅζ
1123 1075 1541 1175 dispositione
1588 1131 1607 1161 ,
1648 1078 1991 1148 venerabi-

368 1166 531 1239 libus
556 1175 732 1245 verbi
759 1179 890 1246 Dei
929 1181 1336 1277 praeconibus
1357 1237 1376 1265 ,
1418 1205 1566 1252 tum
1592 1177 1746 1251 alias
1768 1235 1786 1266 ,
1836 1204 1984 1253 tum

367 1274 663 1347 maxime
685 1306 806 1377 pro
830 1281 1002 1380 ferijs
1048 1287 1113 1357 S.
1145 1290 1214 1356 A
1240 1314 1283 1386 v
1315 1314 1358 1359 G
1390 1314 1431 1360 v
1460 1312 1489 1359 s
1520 1310 1771 1371 T1N1‚
1794 1284 1982 1357 adiu-

365 1402 596 1449 mento
621 1380 804 1453 fuero
831 1440 851 1471 ‚
970 1409 974 1412 ’
1081 1452 1084 1453 ⁷

467 1533 652 1564 -ψ
680 1488 953 1584 Qib'us
974 1545 991 1575 ,
1012 1489 1151 1561 haec
1173 1488 1301 1561 fint
1322 1489 1852 1589 qualiacumque,

465 1591 765 1667 Arridere
790 1589 1017 1675 velim,
1039 1594 1353 1662 doliturus
1376 1592 1424 1661 fi
1442 1592 1741 1690 placeant
1763 1592 1870 1693 spe

465 1691 769 1765 Deterius
788 1690 1029 1765 nostra.

360 1792 558 1868 Stilus
596 1803 716 1871 erit
764 1795 1021 1869 fortaffe
1061 1796 1344 1869 discolor
1385 1852 1407 1883 ,
1446 1823 1566 1898 pro
1610 1793 1975 1872 diuersitate

352 1902 907 2005 materiae‚qui61ue
928 1930 1068 1974 non
1087 1903 1267 1975 aliter
1285 1929 1360 1973 ac
1385 1929 1555 2001 aqua
1576 1902 1798 1974 referet
1819 1900 1976 1973 fun-

352 2002 519 2075 dum
538 2005 723 2080 suurn
767 2034 969 2107 quem
990 2006 1435 2101 interlabitur3
1479 2005 1585 2078 sed
1604 2033 1805 2108 quem
1828 2005 1972 2106 pla-

353 2121 520 2179 num'
542 2113 894 2184 maluimus
935 2110 1057 2184 esse
1097 2121 1172 2186 ὃζ
1193 2111 1530 2212 publicum
1553 2170 1573 2199 ‚
1620 2109 1825 2211 quam
1867 2113 1971 2182 su·-

351 2213 550 2310 perbe
568 2241 680 2290 aut
698 2215 1078 2318 importune
1116 2214 1614 2318 ampullantem.
1662 2217 1775 2289 Tu
1796 2216 1967 2316 inte-

350 2318 502 2407 rim,
521 2323 696 2397 bone
716 2326 955 2399 Leetor
982 2378 1002 2410 ,
1027 2321 1231 2397 fruere
1257 2330 1333 2398 δε
1351 2319 1515 2397 vale.

1551 2471 2012 2600 SYLLAQ
2100 2577 2106 2585 ,
